% bmc_article.bib
% 
%  An example of bibtex entries.
%  Entries taken from BMC instructions for authors page.

@article{xia2015networkanalyst,
  title={NetworkAnalyst for statistical, visual and network-based meta-analysis of gene expression data},
  author={Xia, Jianguo and Gill, Erin E and Hancock, Robert EW},
  journal={Nature protocols},
  volume={10},
  number={6},
  pages={823},
  year={2015},
  publisher={Nature Publishing Group}
}

@article{mukhopadhyay2010biclustering,
  title={On biclustering of gene expression data},
  author={Mukhopadhyay, Anirban and Maulik, Ujjwal and Bandyopadhyay, Sanghamitra},
  journal={Current Bioinformatics},
  volume={5},
  number={3},
  pages={204--216},
  year={2010},
  publisher={Bentham Science Publishers}
}

@conference{icpram18,
author={Jeffrey Dale and America Nishimoto and Tayo Obafemi-Ajayi},
title={Performance Evaluation and Enhancement of Biclustering Algorithms},
booktitle={Proceedings of the 7th International Conference on Pattern Recognition Applications and Methods - Volume 1: ICPRAM},
year={2018},
pages={202-213},
}

@article{ihmels2002revealing,
  title={Revealing modular organization in the yeast transcriptional network},
  author={Ihmels, Jan and Friedlander, Gilgi and Bergmann, Sven and Sarig, Ofer and Ziv, Yaniv and Barkai, Naama},
  journal={Nature genetics},
  volume={31},
  number={4},
  pages={370},
  year={2002},
  publisher={Nature Publishing Group}
}

@article{bleuler2004ea,
  title={An {EA} framework for biclustering of gene expression data},
  author={Bleuler, Stefan and Prelic, Amela and Zitzler, Eckart},
  journal={Studies},
  volume={7},
  pages={9},
  year={2004}
}

@article{mitra2006multi,
  title={Multi-objective evolutionary biclustering of gene expression data},
  author={Mitra, Sushmita and Banka, Haider},
  journal={Pattern Recognition},
  volume={39},
  number={12},
  pages={2464--2477},
  year={2006},
  publisher={Elsevier}
}

@article{deb2002fast,
  title={A fast and elitist multiobjective genetic algorithm: {NSGA-II}},
  author={Deb, Kalyanmoy and Pratap, Amrit and Agarwal, Sameer and Meyarivan, TAMT},
  journal={IEEE transactions on Evolutionary Computation},
  volume={6},
  number={2},
  pages={182--197},
  year={2002},
  publisher={IEEE}
}



@article{fang2016computational,
  title={Computational health informatics in the big data age: a survey},
  author={Fang, Ruogu and Pouyanfar, Samira and Yang, Yimin and Chen, Shu-Ching and Iyengar, SS},
  journal={ACM Computing Surveys (CSUR)},
  volume={49},
  number={1},
  pages={12},
  year={2016},
}


@article{jerez2010missing,
  title={Missing data imputation using statistical and machine learning methods in a real breast cancer problem},
  author={Jerez, J. M. and Molina, I. and Garc{\'\i}a-Laencina, P.J. and Alba, E. and Ribelles, N. and Mart{\'\i}n, M. and Franco, L.},
  journal={Artificial Intelligence in Medicine},
  volume={50},
  number={2},
  pages={105--115},
  year={2010}
}

@inproceedings{obafemi2015sorting,
  title={Sorting the phenotypic heterogeneity of autism spectrum disorders: A hierarchical clustering model},
  author={Obafemi-Ajayi, T. and Lam, D. and Takahashi, T N. and Kanne, S. and Wunsch, D.},
  booktitle={ IEEE Conference on Computational Intelligence in Bioinformatics and Computational Biology (CIBCB)},
  pages={1--7},
  year={2015},
}

@article{lam2015clustering,
  title={Clustering data of mixed categorical and numerical type with unsupervised feature learning},
  author={Lam, D. and Wei, M. and Wunsch, D.},
  journal={IEEE Access},
  volume={3},
  pages={1605--1613},
  year={2015},
  publisher={IEEE}
}

@article{rousseeuw1987silhouettes,
  title={Silhouettes: a graphical aid to the interpretation and validation of cluster analysis},
  author={Rousseeuw, Peter J},
  journal={Journal of Computational and Applied Mathematics},
  volume={20},
  pages={53--65},
  year={1987},
  publisher={Elsevier}
}

@article{halkidi2001clustering,
  title={On clustering validation techniques},
  author={Halkidi, M. and Batistakis, Y. and Vazirgiannis, M.},
  journal={Journal of Intelligent Information Systems},
  volume={17},
  number={2},
  pages={107--145},
  year={2001},
  publisher={Springer}
}

@article{bolshakova2003cluster,
  title={Cluster validation techniques for genome expression data},
  author={Bolshakova, N. and Azuaje, F.},
  journal={Signal Processing},
  volume={83},
  number={4},
  pages={825--833},
  year={2003},
  publisher={Elsevier}
}

@article{dudoit2002prediction,
  title={A prediction-based resampling method for estimating the number of clusters in a dataset},
  author={Dudoit, S. and Fridlyand, J.},
  journal={Genome Biology},
  volume={3},
  number={7},
  pages={research0036--1},
  year={2002},
  publisher={BioMed Central}
}

@article{bergmann2003iterative,
  title={Iterative signature algorithm for the analysis of large-scale gene expression data},
  author={Bergmann, Sven and Ihmels, Jan and Barkai, Naama},
  journal={Physical Review E},
  volume={67},
  number={3},
  pages={031902},
  year={2003},
  publisher={APS}
}

@article{li2009qubic,
  title={QUBIC: a qualitative biclustering algorithm for analyses of gene expression data},
  author={Li, Guojun and Ma, Qin and Tang, Haibao and Paterson, Andrew H and Xu, Ying},
  journal={Nucleic Acids Research},
  volume={37},
  number={15},
  pages={e101--e101},
  year={2009},
  publisher={Oxford University Press}
}

@article{hochreiter2010fabia,
  title={{FABIA}: factor analysis for bicluster acquisition},
  author={Hochreiter, Sepp and Bodenhofer, Ulrich and Heusel, Martin and Mayr, Andreas and Mitterecker, Andreas and Kasim, Adetayo and Khamiakova, Tatsiana and Van Sanden, Suzy and Lin, Dan and Talloen, Willem and others},
  journal={Bioinformatics},
  volume={26},
  number={12},
  pages={1520--1527},
  year={2010},
  publisher={Oxford University Press}
}

@article{wang2016unibic,
  title={UniBic: Sequential row-based biclustering algorithm for analysis of gene expression data},
  author={Wang, Zhenjia and Li, Guojun and Robinson, Robert W and Huang, Xiuzhen},
  journal={Scientific Reports},
  volume={6},
  pages={23466},
  year={2016},
  publisher={Nature Publishing Group}
}

@article{tanay2002discovering,
  title={Discovering statistically significant biclusters in gene expression data},
  author={Tanay, Amos and Sharan, Roded and Shamir, Ron},
  journal={Bioinformatics},
  volume={18},
  number={suppl\_1},
  pages={S136--S144},
  year={2002}
}

@article{huang2012parallelized,
  title={Parallelized evolutionary learning for detection of biclusters in gene expression data},
  author={Huang, Qinghua and Tao, Dacheng and Li, Xuelong and Liew, Alan},
  journal={IEEE/ACM Transactions on Computational Biology and Bioinformatics},
  volume={9},
  number={2},
  pages={560--570},
  year={2012},
  publisher={IEEE}
}

@article{curry2014framework,
  title={A framework for generalized subspace pattern mining in high-dimensional datasets},
  author={Curry, Edward WJ},
  journal={BMC bioinformatics},
  volume={15},
  number={1},
  pages={355},
  year={2014},
  publisher={BioMed Central}
}

@inproceedings{prabha2013biclustering,
  title={Biclustering of web usage data using gravitational search algorithm},
  author={Prabha, V Diviya and Rathipriya, R},
  booktitle={Pattern Recognition, Informatics and Mobile Engineering (PRIME), 2013 International Conference on},
  pages={500--505},
  year={2013},
  organization={IEEE}
}

@article{henriques2017bsig,
  title={BSig: evaluating the statistical significance of biclustering solutions},
  author={Henriques, Rui and Madeira, Sara C},
  journal={Data Mining and Knowledge Discovery},
  pages={1--38},
  year={2017}
}

@article{henriques2017bicpams,
  title={{BicPAMS}: software for biological data analysis with pattern-based biclustering},
  author={Henriques, Rui and Ferreira, Francisco L and Madeira, Sara C},
  journal={BMC Bioinformatics},
  volume={18},
  number={1},
  pages={82},
  year={2017},
  publisher={BioMed Central}
}

@article{roy2016analysis,
  title={Analysis of gene expression patterns using biclustering},
  author={Roy, Swarup and Bhattacharyya, Dhruba K and Kalita, Jugal K},
  journal={Microarray Data Analysis: Methods and Applications},
  pages={91--103},
  year={2016},
  publisher={Springer}
}

@article{ben2003discovering,
  title={Discovering local structure in gene expression data: the order-preserving submatrix problem},
  author={Ben-Dor, Amir and Chor, Benny and Karp, Richard and Yakhini, Zohar},
  journal={Journal of Computational Biology},
  volume={10},
  number={3-4},
  pages={373--384},
  year={2003},
  publisher={Mary Ann Liebert, Inc.}
}

@article{hartigan1972direct,
  title={Direct clustering of a data matrix},
  author={Hartigan, John A},
  journal={Journal of the American Statistical Association},
  volume={67},
  number={337},
  pages={123--129},
  year={1972}
}

@inproceedings{cheng2000biclustering,
  title={Biclustering of expression data},
  author={Cheng, Yizong and Church, George M},
  booktitle={ISMB},
  volume={8},
  number={2000},
  pages={93--103},
  year={2000}
}

@article{oghabian2014biclustering,
  title={Biclustering methods: biological relevance and application in gene expression analysis},
  author={Oghabian, Ali and Kilpinen, Sami and Hautaniemi, Sampsa and Czeizler, Elena},
  journal={PloS One},
  volume={9},
  number={3},
  pages={e90801},
  year={2014},
  publisher={Public Library of Science}
}


@article{eren2012comparative,
  title={A comparative analysis of biclustering algorithms for gene expression data},
  author={Eren, Kemal and Deveci, Mehmet and K{\"u}{\c{c}}{\"u}ktun{\c{c}}, Onur and {\c{C}}ataly{\"u}rek, {\"U}mit V},
  journal={Briefings in Bioinformatics},
  volume={14},
  number={3},
  pages={279--292},
  year={2012},
  publisher={Oxford University Press}
}

@article{prelic2006systematic,
  title={A systematic comparison and evaluation of biclustering methods for gene expression data},
  author={Preli{\'c}, Amela and Bleuler, Stefan and Zimmermann, Philip and Wille, Anja and B{\"u}hlmann, Peter and Gruissem, Wilhelm and Hennig, Lars and Thiele, Lothar and Zitzler, Eckart},
  journal={Bioinformatics},
  volume={22},
  number={9},
  pages={1122--1129},
  year={2006},
  publisher={Oxford University Press}
}

@article{pontes2015quality,
  title={Quality measures for gene expression biclusters},
  author={Pontes, Beatriz and Girldez, Ral and Aguilar-Ruiz, Jess S},
  journal={PloS One},
  volume={10},
  number={3},
  pages={e0115497},
  year={2015},
  publisher={Public Library of Science}
}

@article{barkow2006bicat,
  title={{BicAT}: a biclustering analysis toolbox},
  author={Barkow, Simon and Bleuler, Stefan and Preli{\'c}, Amela and Zimmermann, Philip and Zitzler, Eckart},
  journal={Bioinformatics},
  volume={22},
  number={10},
  pages={1282--1283},
  year={2006},
  publisher={Oxford University Press}
}

@article{henriques2014bicpam,
	title={{B}ic{PAM}: Pattern-based biclustering for biomedical data analysis},
	author={Henriques, Rui and Madeira, Sara C},
	journal={Algorithms for Molecular Biology},
	volume={9},
	number={1},
	pages={27},
	year={2014},
	publisher={BioMed Central}
}

@article{henriques2016bicnet,
	title={BicNET: Flexible module discovery in large-scale biological networks using biclustering},
	author={Henriques, Rui and Madeira, Sara C},
	journal={Algorithms for Molecular Biology},
	volume={11},
	number={1},
	pages={14},
	year={2016},
	publisher={BioMed Central}
}

@article{henriques2014bicspam,
	title={BicSPAM: flexible biclustering using sequential patterns},
	author={Henriques, Rui and Madeira, Sara C},
	journal={BMC Bioinformatics},
	volume={15},
	number={1},
	pages={130},
	year={2014},
	publisher={BioMed Central}
}

@article{henriques2015biclustering,
	title={Biclustering with flexible plaid models to unravel interactions between biological processes},
	author={Henriques, Rui and Madeira, Sara C},
	journal={IEEE/ACM Transactions on Computational Biology and Bioinformatics},
	volume={12},
	number={4},
	pages={738--752},
	year={2015},
	publisher={IEEE}
}

@article{serin2011debi,
	title={DeBi: Discovering differentially expressed biclusters using a frequent itemset approach},
	author={Serin, Akdes and Vingron, Martin},
	journal={Algorithms for Molecular Biology},
	volume={6},
	number={1},
	pages={18},
	year={2011},
	publisher={BioMed Central}
}

@article{okada2007biclustering,
	title={A biclustering method for gene expression module discovery using a closed itemset enumeration algorithm},
	author={Okada, Yoshifumi and Fujibuchi, Wataru and Horton, Paul},
	journal={IPSJ Digital Courier},
	volume={3},
	pages={183--192},
	year={2007},
	publisher={Information Processing Society of Japan}
}

@article{mukhopadhyay2009novel,
	title={A novel coherence measure for discovering scaling biclusters from gene expression data},
	author={Mukhopadhyay, Anirban and Maulik, Ujjwal and Bandyopadhyay, Sanghamitra},
	journal={Journal of Bioinformatics and Computational Biology},
	volume={7},
	number={05},
	pages={853--868},
	year={2009},
	publisher={World Scientific}
}

@article{ayadi2009biclustering,
	title={A biclustering algorithm based on a Bicluster Enumeration Tree: application to DNA microarray data},
	author={Ayadi, Wassim and Elloumi, Mourad and Hao, Jin-Kao},
	journal={BioData Mining},
	volume={2},
	number={1},
	pages={9},
	year={2009},
	publisher={BioMed Central}
}

@book{lehmann1975nonparametrics,
	title={Nonparametrics: statistical methods based on ranks.},
	author={Lehmann, Erich Leo and D'abrera, HJ},
	pages={292--323},
	year={1975},
	publisher={San Francisco: Holden-Day, Inc.}
}

@inproceedings{pontes2007virtual,
	title={Virtual error: a new measure for evolutionary biclustering},
	author={Pontes, Beatriz and Divina, Federico and Gir{\'a}ldez, Ra{\'u}l and Aguilar--Ruiz, Jes{\'u}s S},
	booktitle={European Conference on Evolutionary Computation, Machine Learning and Data Mining in Bioinformatics},
	pages={217--226},
	year={2007},
}

@inproceedings{pontes2010measuring,
	title={Measuring the Quality of Shifting and Scaling Patterns in Biclusters.},
	author={Pontes, Beatriz and Gir{\'a}ldez, Ra{\'u}l and Aguilar-Ruiz, Jes{\'u}s S},
	booktitle={PRIB},
	pages={242--252},
	year={2010}
}

@article{zar1998spearman,
	title={Spearman rank correlation},
	author={Zar, Jerrold H},
	journal={Encyclopedia of Biostatistics},
	year={1998},
	publisher={Wiley Online Library}
}

@article{kendall1948rank,
	title={Rank correlation methods},
	author={Kendall, Maurice George},
	year={1948},
	publisher={Griffin}
}

@article{moreira2002rpy,
	title={RPy Reference Manual},
	author={Moreira, Walter and Warnes, Gregory R},
	journal={Webov{\'a} str{\'a}nk a http://rpy. sourceforge. net},
	year={2002}
}

@article{csardi2010modular,
	title={Modular analysis of gene expression data with {R}},
	author={Cs{\'a}rdi, G{\'a}bor and Kutalik, Zolt{\'a}n and Bergmann, Sven},
	journal={Bioinformatics},
	volume={26},
	number={10},
	pages={1376--1377},
	year={2010},
	publisher={Oxford University Press}
}

@article{zhang2016qubic,
  title={{QUBIC}: a bioconductor package for qualitative biclustering analysis of gene co-expression data},
  author={Zhang, Yu and Xie, Juan and Yang, Jinyu and Fennell, Anne and Zhang, Chi and Ma, Qin},
  journal={Bioinformatics},
  volume={33},
  number={3},
  pages={450--452},
  year={2016}
}

@article{madeira2004biclustering,
  title={Biclustering algorithms for biological data analysis: a survey},
  author={Madeira, Sara C and Oliveira, Arlindo L},
  journal={IEEE/ACM Transactions on Computational Biology and Bioinformatics (TCBB)},
  volume={1},
  number={1},
  pages={24--45},
  year={2004}
}


@article{hubert2015bioconductor,
  title={Orchestrating high-throughput genomic analysis with {B}ioconductor},
  author={Huber, Wolfgang and Carey, Vincent J and Gentleman, Robert and Anders, Simon and Carlson, Marc and Carvalho, Benilton S and Bravo, Hector Corrada and Davis, Sean and Gatto, Laurent and Girke, Thomas and others},
  journal={Nature Methods},
  volume={12},
  number={2},
  pages={115--121},
  year={2015}
}

@article{xu2011bartmap,
  title={BARTMAP: A viable structure for biclustering},
  author={Xu, Rui and Wunsch II, Donald C},
  journal={Neural Networks},
  volume={24},
  number={7},
  pages={709--716},
  year={2011}
}


@article{kriegel2009clustering,
  title={Clustering high-dimensional data: A survey on subspace clustering, pattern-based clustering, and correlation clustering},
  author={Kriegel, Hans-Peter and Kr{\"o}ger, Peer and Zimek, Arthur},
  journal={ACM Transactions on Knowledge Discovery from Data (TKDD)},
  volume={3},
  number={1},
  pages={1},
  year={2009}
}

@inproceedings{elnabarawy2016biclustering,
  title={Biclustering ARTMAP collaborative filtering recommender system},
  author={Elnabarawy, Islam and Wunsch, Donald C and Abdelbar, Ashraf M},
  booktitle={Neural Networks (IJCNN), 2016 IEEE International Joint Conference on},
  pages={2986--2991},
  year={2016},
}

@article{pontes2015biclustering,
	title={Biclustering on expression data: A review},
	author={Pontes, Beatriz and Gir{\'a}ldez, Ra{\'u}l and Aguilar-Ruiz, Jes{\'u}s S},
	journal={Journal of Biomedical Informatics},
	volume={57},
	pages={163--180},
	year={2015}
}

@article{yang2005improved,
	title={An improved biclustering method for analyzing gene expression profiles},
	author={Yang, Jiong and Wang, Haixun and Wang, Wei and Yu, Philip S},
	journal={International Journal on Artificial Intelligence Tools},
	volume={14},
	number={05},
	pages={771--789},
	year={2005},
	publisher={World Scientific}
}

@article{gu2008bayesian,
	title={Bayesian biclustering of gene expression data},
	author={Gu, Jiajun and Liu, Jun S.},
	journal={BMC Genomics},
	volume={9},
	number={1},
	pages={113--120},
	year={2008}
}
@article{zhang2010abayasian,
	title={A Bayasian model for biclustering with applications},
	author={Zhang, Jian},
	journal={Journal of the Royal Statistical Society},
	volume={59},
	number={4},
	pages={635--656},
	year={2010}
}

@article{spiegelhalter2002bayesian,
	title={Bayesian measures of model complexity and ﬁt},
	author={Spiegelhalter, David and Best, Nicola and Carlin, Bradley and Van Der Linde, Angelika},
	journal={Journal of the Royal Statistical Society: Series B(Statistical Methodology)},
	volume={64},
}

@article{chekouo2015thepenalized,
	title={The penalized biclustering model and related algorithms},
	author={Chekouo, Thierry and Murua, Alejandro},
	journal={Journal of Applied Statistics},
	volume={42},
	number={6},
	pages={1255--1277},
	year={2015}
}


@misc{Eren2013,
	author = {Eren, Kemal},
	title = {Cheng and Church Algorithm for Scikit Learn},
	year = {2013},
	publisher = {GitHub},
	journal = {GitHub repository},
	howpublished = {https://github.com/kemaleren/scikit-learn/tree/cheng_church},
	commit = {f47f47beb0a08d2d7c71073e0c19079fbe898382}
}

@Manual{bicAREpackage,
	title = {BicARE: Biclustering Analysis and Results Exploration},
	author = {Pierre Gestraud},
	year = {2008},
	note = {R package version 1.32.0},
}

@article{conover1981rank,
  title={Rank transformations as a bridge between parametric and nonparametric statistics},
  author={Conover, William J and Iman, Ronald L},
  journal={The American Statistician},
  volume={35},
  number={3},
  pages={124--129},
  year={1981},
  publisher={Taylor \& Francis Group}
}

@article{orzechowski2018ebic,
  title={{EBIC}: an evolutionary-based parallel biclustering algorithm for pattern discovery},
  author={Orzechowski, Patryk and Sipper, Moshe and Huang, Xiuzhen and Moore, Jason H},
  journal={Bioinformatics},
  year={2018}
}

@article{yang2011finding,
  title={Finding correlated biclusters from gene expression data},
  author={Yang, Wen-Hui and Dai, Dao-Qing and Yan, Hong},
  journal={IEEE Transactions on Knowledge and Data Engineering},
  volume={23},
  number={4},
  pages={568--584},
  year={2011},
  publisher={IEEE}
}

@article{pontes2013configurable,
  title={Configurable pattern-based evolutionary biclustering of gene expression data},
  author={Pontes, Beatriz and Gir{\'a}ldez, Ra{\'u}l and Aguilar-Ruiz, Jes{\'u}s S},
  journal={Algorithms for Molecular Biology},
  volume={8},
  number={1},
  pages={4},
  year={2013},
  publisher={BioMed Central}
}

@article{zitzler2001spea2,
  title={SPEA2: Improving the strength Pareto evolutionary algorithm},
  author={Zitzler, Eckart and Laumanns, Marco and Thiele, Lothar},
  journal={TIK-report},
  volume={103},
  year={2001},
  publisher={Eidgen{\"o}ssische Technische Hochschule Z{\"u}rich (ETH), Institut f{\"u}r Technische Informatik und Kommunikationsnetze (TIK)}
}

@inproceedings{knowles1999pareto,
  title={The pareto archived evolution strategy: A new baseline algorithm for pareto multiobjective optimisation},
  author={Knowles, Joshua and Corne, David},
  booktitle={Evolutionary Computation, 1999. CEC 99. Proceedings of the 1999 Congress on},
  volume={1},
  pages={98--105},
  year={1999},
  organization={IEEE}
}

@inproceedings{gallo2009bihea,
  title={{BIHEA}: A hybrid evolutionary approach for microarray biclustering},
  author={Gallo, Cristian Andr{\'e}s and Carballido, Jessica Andrea and Ponzoni, Ignacio},
  booktitle={Brazilian Symposium on Bioinformatics},
  pages={36--47},
  year={2009},
  organization={Springer}
}

@article{lakizadeh2016bicamwi,
  title={{BiCAMWI}: a genetic-based biclustering algorithm for detecting dynamic protein complexes},
  author={Lakizadeh, Amir and Jalili, Saeed},
  journal={PloS one},
  volume={11},
  number={7},
  pages={e0159923},
  year={2016},
  publisher={Public Library of Science}
}

@inproceedings{duarte2018fpga,
  title={FPGA-based OpenCL Accelerator for Discovering Temporal Patterns in Gene Expression Data Using Biclustering},
  author={Duarte, Rui P and Sim{\~o}es, {\'A}lvaro and Henriques, Rui and Neto, Hor{\'a}cio C},
  booktitle={Proceedings of the 6th International Workshop on Parallelism in Bioinformatics},
  pages={53--62},
  year={2018},
  organization={ACM}
}

@article{irizarry2003exploration,
  title={Exploration, normalization, and summaries of high density oligonucleotide array probe level data},
  author={Irizarry, Rafael A and Hobbs, Bridget and Collin, Francois and Beazer-Barclay, Yasmin D and Antonellis, Kristen J and Scherf, Uwe and Speed, Terence P},
  journal={Biostatistics},
  volume={4},
  number={2},
  pages={249--264},
  year={2003},
  publisher={Oxford University Press}
}

@article{muhlenbein1988evolution,
  title={Evolution algorithms in combinatorial optimization},
  author={M{\"u}hlenbein, Heinz and Gorges-Schleuter, Martina and Kr{\"a}mer, Ottmar},
  journal={Parallel computing},
  volume={7},
  number={1},
  pages={65--85},
  year={1988},
  publisher={Elsevier}
}
@inproceedings{dale2018performance,
  title={Performance Evaluation and Enhancement of Biclustering Algorithms.},
  author={Dale, Jeffrey and Nishimoto, America and Obafemi-Ajayi, Tayo},
  booktitle={ICPRAM},
  pages={202--213},
  year={2018}
}
@article{van2002gene,
  title={Gene expression profiling predicts clinical outcome of breast cancer},
  author={Van't Veer, Laura J and Dai, Hongyue and Van De Vijver, Marc J and He, Yudong D and Hart, Augustinus AM and Mao, Mao and Peterse, Hans L and Van Der Kooy, Karin and Marton, Matthew J and Witteveen, Anke T and others},
  journal={nature},
  volume={415},
  number={6871},
  pages={530},
  year={2002},
  publisher={Nature Publishing Group}
}

@incollection{deb2014multi,
  title={Multi-objective optimization},
  author={Deb, Kalyanmoy},
  booktitle={Search Methodologies},
  pages={403--449},
  year={2014},
  publisher={Springer}
}

